@misc{Niklaus_2021,
  doi = {10.48550/ARXIV.2110.00806},
  
  url = {https://arxiv.org/abs/2110.00806},
  
  author = {Niklaus, Joel and Chalkidis, Ilias and Stürmer, Matthias},
  
  keywords = {Computation and Language (cs.CL), FOS: Computer and information sciences, FOS: Computer and information sciences},
  
  title = {Swiss-Judgment-Prediction: A Multilingual Legal Judgment Prediction Benchmark},
  
  publisher = {arXiv},
  
  year = {2021},
  
  copyright = {Creative Commons Attribution 4.0 International}
}

@book{pustejovsky2012natural,
  title={Natural Language Annotation for Machine Learning},
  author={Pustejovsky, J. and Stubbs, A.},
  number={Bd. 9,S. 878},
  isbn={9781449306663},
  lccn={2012289691},
  series={A Guide to corpus-building for applications},
  year={2012},
  publisher={O'Reilly Media, Incorporated}
}
@inbook{Reiter+2020+193+202,
author = {Nils Reiter},
editor = {Nils Reiter and Axel Pichler and Jonas Kuhn},
doi = {doi:10.1515/9783110693973-009},
url = {https://doi.org/10.1515/9783110693973-009},
title = {Anleitung zur Erstellung von Annotationsrichtlinien},
booktitle = {Reflektierte algorithmische Textanalyse: Interdisziplinäre(s) Arbeiten in der CRETA-Werkstatt},
year = {2020},
publisher = {De Gruyter},
pages = {193--202}
}
@inproceedings{Leitner_2019,
  author = {Elena Leitner and Georg Rehm and Julian Moreno-Schneider},
  title = {{Fine-grained Named Entity Recognition in Legal Documents}},
  booktitle = {Semantic Systems. The Power of AI and Knowledge
                  Graphs. Proceedings of the 15th International Conference
                  (SEMANTiCS 2019)},
  year = 2019,
  editor = {Maribel Acosta and Philippe Cudré-Mauroux and Maria
                  Maleshkova and Tassilo Pellegrini and Harald Sack and York
                  Sure-Vetter},
  keywords = {aip},
  publisher = {Springer},
  series = {Lecture Notes in Computer Science},
  number = {11702},
  address = {Karlsruhe, Germany},
  month = 9,
  note = {10/11 September 2019},
  pages = {272--287},
  pdf = {https://link.springer.com/content/pdf/10.1007%2F978-3-030-33220-4_20.pdf}}

