@misc{https://doi.org/10.48550/arxiv.2110.00806,
  doi = {10.48550/ARXIV.2110.00806},
  
  url = {https://arxiv.org/abs/2110.00806},
  
  author = {Niklaus, Joel and Chalkidis, Ilias and St√ºrmer, Matthias},
  
  keywords = {Computation and Language (cs.CL), FOS: Computer and information sciences, FOS: Computer and information sciences},
  
  title = {Swiss-Judgment-Prediction: A Multilingual Legal Judgment Prediction Benchmark},
  
  publisher = {arXiv},
  
  year = {2021},
  
  copyright = {Creative Commons Attribution 4.0 International}
}

@book{pustejovsky2012natural,
  title={Natural Language Annotation for Machine Learning},
  author={Pustejovsky, J. and Stubbs, A.},
  number={Bd. 9,S. 878},
  isbn={9781449306663},
  lccn={2012289691},
  series={A Guide to corpus-building for applications},
  year={2012},
  publisher={O'Reilly Media, Incorporated}
}
